@inproceedings{kropp2016teaching,
  title={Teaching Agile Collaboration Skills in the Classroom},
  author={Kropp, Martin and Meier, Andreas and Biddle, Robert},
  booktitle={2016 IEEE 29th International Conference on Software Engineering Education and Training (CSEET)},
  pages={118--127},
  year={2016},
  organization={IEEE}
}
@inproceedings{kropp2014teaching,
  title={Teaching and learning agile collaboration},
  author={Kropp, Martin and Meier, Andreas and Mateescu, Magdalena and Zahn, Carmen},
  booktitle={2014 IEEE 27th Conference on Software Engineering Education and Training (CSEE\&T)},
  pages={139--148},
  year={2014},
  organization={IEEE}
}
@article{beck2001manifesto,
  title={Manifesto for agile software development},
  author={Beck, Kent and Beedle, Mike and Van Bennekum, Arie and Cockburn, Alistair and Cunningham, Ward and Fowler, Martin and Grenning, James and Highsmith, Jim and Hunt, Andrew and Jeffries, Ron and others},
  year={2001}
}
@misc{Crowley2016GDC,
    title={Making Release Day Just Another Monday},
    author={{Conor Crowley}},
    howpublished={[Online]. Available: \url{http://www.gdcvault.com.ezproxy.falmouth.ac.uk/play/1023206/Making-Release-Day-Just-Another}},
    note={[Accessed: 23-Nov-2016]}
}
@inproceedings{mateos2008adopting,
  title={Adopting ‘Agile’and ‘Scrum’practices as ‘Organisational becoming’: Cases from the UK video games industry},
  author={Mateos-Garcia, Juan and Sapsed, Jonathan},
  booktitle={Euromot 2008: the Third European Conference on Management of Technology},
  year={2008}
}
@article{mcguire2006paper,
  title={Paper burns: Game design with agile methodologies},
  author={McGuire, Rory},
  journal={Gamasutra--The Art \& Business of Making Games},
  year={2006}
}
@misc{one2012state,
  title={State of agile development survey results},
  author={One, V},
  year={2012}
}
@inproceedings{snapp2008accidental,
  title={The Accidental Agilists: One Team's Journey from Waterfall to Agile},
  author={Snapp, Mary Beth and Dagefoerde, Diane},
  booktitle={Agile, 2008. AGILE'08. Conference},
  pages={171--175},
  year={2008},
  organization={IEEE}
}